<?xml version="1.0" encoding="UTF-8"?>
<record xmlns="http://www.loc.gov/MARC21/slim" xmlns:xsi="http://www.w3.org/2001/XMLSchema-instance" xsi:schemaLocation="http://www.loc.gov/MARC21/slim http://www.loc.gov/standards/marcxml/schema/MARC21slim.xsd">
<leader>00000cam a22      a 4500</leader>
<controlfield tag="001">001467742</controlfield>
<controlfield tag="003">NNU</controlfield>
<controlfield tag="005">20151009172550.0</controlfield>
<controlfield tag="008">981020s1951    sy       b    001 0 ara d</controlfield>
<datafield tag="035" ind1=" " ind2=" ">
<subfield code="a">(OCoLC)122713659</subfield>
</datafield>
<datafield tag="040" ind1=" " ind2=" ">
<subfield code="a">MH</subfield>
<subfield code="b">eng</subfield>
<subfield code="c">ZYU</subfield>
<subfield code="d">OCLCG</subfield>
<subfield code="d">N15</subfield>
<subfield code="d">OCLCO</subfield>
<subfield code="d">OCLCF</subfield>
<subfield code="d">OCLCQ</subfield>
<subfield code="d">NNU</subfield>
</datafield>
<datafield tag="041" ind1="0" ind2=" ">
<subfield code="a">arafre</subfield>
</datafield>
<datafield tag="043" ind1=" " ind2=" ">
<subfield code="a">a-sy---</subfield>
</datafield>
<datafield tag="050" ind1=" " ind2="4">
<subfield code="a">DS99.A56</subfield>
<subfield code="b">A83 1951</subfield>
</datafield>
<datafield tag="100" ind1="1" ind2=" ">
<subfield code="6">880-01</subfield>
<subfield code="a">Asadī, Khayr al-Dīn,</subfield>
<subfield code="d">1900-1971.</subfield>
</datafield>
<datafield tag="245" ind1="1" ind2="0">
<subfield code="6">880-02</subfield>
<subfield code="a">Ḥalab, al-jānib al-lughawī min al-kamilah /</subfield>
<subfield code="c">Khayr al-Dīn al-Asadī.</subfield>
</datafield>
<datafield tag="246" ind1="1" ind2="5">
<subfield code="a">Alep, aspect linguistique de cette denomination</subfield>
</datafield>
<datafield tag="260" ind1=" " ind2=" ">
<subfield code="6">880-03</subfield>
<subfield code="a">Ḥalab :</subfield>
<subfield code="b">Maṭbaʻat al-Ḍād,</subfield>
<subfield code="c">[1951?]</subfield>
</datafield>
<datafield tag="300" ind1=" " ind2=" ">
<subfield code="a">223, 8 pages ;</subfield>
<subfield code="c">25 cm</subfield>
</datafield>
<datafield tag="336" ind1=" " ind2=" ">
<subfield code="a">text</subfield>
<subfield code="b">txt</subfield>
<subfield code="2">rdacontent</subfield>
</datafield>
<datafield tag="337" ind1=" " ind2=" ">
<subfield code="a">unmediated</subfield>
<subfield code="b">n</subfield>
<subfield code="2">rdamedia</subfield>
</datafield>
<datafield tag="338" ind1=" " ind2=" ">
<subfield code="a">volume</subfield>
<subfield code="b">nc</subfield>
<subfield code="2">rdacarrier</subfield>
</datafield>
<datafield tag="500" ind1=" " ind2=" ">
<subfield code="a">Preface and some indexes also in French.</subfield>
</datafield>
<datafield tag="504" ind1=" " ind2=" ">
<subfield code="a">Includes bibliographical references and indexes.</subfield>
</datafield>
<datafield tag="651" ind1=" " ind2="0">
<subfield code="a">Aleppo (Syria)</subfield>
</datafield>
<datafield tag="651" ind1=" " ind2="7">
<subfield code="a">Syria</subfield>
<subfield code="z">Aleppo.</subfield>
<subfield code="2">fast</subfield>
<subfield code="0">(OCoLC)fst01213345</subfield>
</datafield>
<datafield tag="880" ind1="1" ind2=" ">
<subfield code="6">100-01/</subfield>
<subfield code="a">أسدي، عير الدين،</subfield>
<subfield code="d">1900-1971.</subfield>
</datafield>
<datafield tag="880" ind1="1" ind2="0">
<subfield code="6">245-02/</subfield>
<subfield code="a">حلب، الجانب اللغوي من الكلمة /</subfield>
<subfield code="c">خير الدين الأسدي.</subfield>
</datafield>
<datafield tag="880" ind1=" " ind2=" ">
<subfield code="6">260-03/</subfield>
<subfield code="a">حلب :</subfield>
<subfield code="b">مطبعة الضاد،</subfield>
<subfield code="c">[1951?]</subfield>
</datafield>
<datafield tag="OWN" ind1=" " ind2=" ">
<subfield code="a">GENERAL</subfield>
</datafield>
<datafield tag="AVA" ind1=" " ind2=" ">
<subfield code="a">NYU50</subfield>
<subfield code="b">BOBST</subfield>
<subfield code="c">Main Collection</subfield>
<subfield code="d">DS99.A56 A83 1951</subfield>
<subfield code="e">unavailable</subfield>
<subfield code="t">Unavailable</subfield>
<subfield code="f">1</subfield>
<subfield code="g">1</subfield>
<subfield code="h">N</subfield>
<subfield code="i">0</subfield>
<subfield code="j">MAIN</subfield>
<subfield code="k">0</subfield>
</datafield>
</record>
